%% This BibTeX bibliography file was created using BibDesk.
%% http://bibdesk.sourceforge.net/


%% Created for Boris Lykke Nielsen at 2014-05-26 14:55:17 +0200 


%% Saved with string encoding Unicode (UTF-8) 



@article{Shuman1978,
	Author = {Frederick G. Shuman},
	Date-Added = {2014-05-26 12:50:47 +0000},
	Date-Modified = {2014-05-26 12:55:09 +0000},
	Journaltitle = {Bulletin American Meteorological Society},
	Month = {January},
	Number = {1},
	Title = {Numerical Weather Prediction},
	Volume = {59},
	Year = {1978}}

@book{Kramer1993,
	Author = {Gregory Kramer},
	Date-Added = {2014-05-22 12:33:56 +0000},
	Date-Modified = {2014-05-22 12:46:53 +0000},
	Isbn = {0201626047},
	Publisher = {Perseus Publishing},
	Series = {Proceedings Volume 18, Santa Fe Institute Studies in the Sci},
	Title = {Auditory Display: Sonification, Audification, and Auditory Interfaces},
	Year = {1993}}

@www{Wiki2014-2,
	Author = {Wikipedia},
	Date-Added = {2014-05-22 12:20:37 +0000},
	Date-Modified = {2014-05-22 12:21:39 +0000},
	Editor = {Wikipedia},
	Title = {Sonification},
	Url = {http://en.wikipedia.org/wiki/Sonification},
	Year = {2014},
	Bdsk-Url-1 = {http://en.wikipedia.org/wiki/Sonification}}

@www{Gaten2000,
	Author = {Ted Gaten},
	Date-Added = {2014-05-15 23:02:41 +0000},
	Date-Modified = {2014-05-15 23:19:06 +0000},
	Editor = {Department of Biology University of Leicester},
	Title = {Kruskal-Wallis non-parametric ANOVA},
	Url = {http://www.le.ac.uk/bl/gat/virtualfc/Stats/kruskal.html},
	Year = {2000},
	Bdsk-Url-1 = {http://www.le.ac.uk/bl/gat/virtualfc/Stats/kruskal.html}}

@book{Field2003,
	Author = {Andy Field and Graham Hole},
	Date-Added = {2014-05-15 22:39:32 +0000},
	Date-Modified = {2014-05-15 22:41:16 +0000},
	Isbn = {978-0761973836},
	Title = {How to Design and Report Experiments},
	Year = {2003}}

@article{Vickers2012,
	Author = {Vickers, Paul},
	Date-Added = {2014-04-25 10:17:32 +0000},
	Date-Modified = {2014-04-25 10:17:32 +0000},
	Journaltitle = {Journal of Sonic Studies},
	Month = {May},
	Number = {1},
	Title = {WAYS OF LISTENING AND MODES OF BEING: Electroacoustic Auditory Display},
	Url = {http://journal.sonicstudies.org/vol02/nr01/a04},
	Volume = {2},
	Year = {2012},
	Bdsk-Url-1 = {http://journal.sonicstudies.org/vol02/nr01/a04}}

@article{Feder2012,
	Author = {Toni Feder},
	Date-Added = {2014-04-25 09:06:33 +0000},
	Date-Modified = {2014-04-25 09:11:04 +0000},
	Doi = {10.1063/PT.3.1550},
	Issue = {5},
	Journaltitle = {Physics Today},
	Month = {May},
	Pages = {20-22},
	Title = {Shhhh. Listen to the data},
	Url = {http://scitation.aip.org/content/aip/magazine/physicstoday/article/65/5/10.1063/PT.3.1550},
	Volume = {65},
	Year = {2012},
	Bdsk-Url-1 = {http://scitation.aip.org/content/aip/magazine/physicstoday/article/65/5/10.1063/PT.3.1550},
	Bdsk-Url-2 = {http://dx.doi.org/10.1063/PT.3.1550}}

@www{Wiki2014-1,
	Author = {Wikipedia},
	Date-Added = {2014-04-23 15:15:35 +0000},
	Date-Modified = {2014-04-23 15:16:43 +0000},
	Editor = {Wikipedia},
	Title = {Weather forecasting},
	Url = {http://en.wikipedia.org/wiki/Weather_forecasting},
	Year = {2014},
	Bdsk-Url-1 = {http://en.wikipedia.org/wiki/Weather_forecasting}}

@book{Hermann2011,
	Author = {Thomas Hermann and Andy Hunt and John G. Neuhoff},
	Date-Added = {2014-04-23 11:58:07 +0000},
	Date-Modified = {2014-04-23 12:06:03 +0000},
	Edition = {1.},
	Isbn = {978-3-8325-2819-5},
	Language = {English},
	Location = {Berlin},
	Pagetotal = {586},
	Publisher = {Logos Publishing House},
	Title = {The Sonification Handbook},
	Url = {http://sonification.de/handbook/},
	Year = {2011},
	Bdsk-Url-1 = {http://sonification.de/handbook/}}

@article{McGookin2004,
	Author = {David K. McGookin and Stephen A. Brewster},
	Date-Added = {2014-04-23 10:17:03 +0000},
	Date-Modified = {2014-04-23 10:22:02 +0000},
	Doi = {10.1145/1024083.1024087},
	Issue = {2},
	Journaltitle = {ACM Transactions on Applied Perception (TAP)},
	Month = {October},
	Pages = {130-155},
	Title = {Understanding concurrent earcons: Applying auditory scene analysis principles to concurrent earcon recognition},
	Url = {http://dl.acm.org/citation.cfm?doid=1024083.1024087},
	Volume = {1},
	Year = {2004},
	Bdsk-Url-1 = {http://dl.acm.org/citation.cfm?doid=1024083.1024087},
	Bdsk-Url-2 = {http://dx.doi.org/10.1145/1024083.1024087}}

@www{Girvan2005,
	Author = {Ray Girvan},
	Date-Added = {2014-04-22 13:29:49 +0000},
	Date-Modified = {2014-05-26 11:32:32 +0000},
	Editor = {N/A},
	Month = {March},
	Title = {Sound Sense},
	Url = {http://www.scientific-computing.com/features/feature.php?feature_id=58},
	Year = {2005},
	Bdsk-Url-1 = {http://www.scientific-computing.com/features/feature.php?feature_id=58}}

@article{Barrass1999,
	Author = {Stephen Barrass and Gregory Kramer},
	Date-Added = {2014-04-22 11:23:51 +0000},
	Date-Modified = {2014-04-22 11:33:24 +0000},
	Journaltitle = {Multimedia Systems},
	Number = {7},
	Pages = {23-31},
	Title = {Using Sonification},
	Year = {1999}}

@article{Barrass1998,
	Author = {Barrass, Stephen},
	Journal = {Csound Textbook. MIT Press, Cambridge, Mass},
	Title = {Some golden rules for designing auditory displays},
	Year = {1998}}

@article{walker2011,
	Author = {Walker, Bruce N and Nees, Michael A},
	Title = {2 Theory of Sonification},
	Year = {2011}}

@inproceedings{Friendly95,
	Author = {Michael Friendly},
	Booktitle = {13TH INTERNATIONAL CONFERENCE ON DATABASE AND EXPERT SYSTEMS APPLICATIONS (DEXA 2002), AIX EN PROVENCE},
	Pages = {59--66},
	Publisher = {Press},
	Title = {Milestones in the history of thematic cartography, statistical graphics, and data visualization},
	Year = {1995}}
